@online{toyota_production_system,
  author = {{Toyota Motor Corporation}},
  title = {{[Toyota Production System] Jidoka: Stopping Production, a Call Button and an Andon Electric Board}},
  year = {2023},
  url = {youtu.be/TUKpxjAftnk},
  note = {YouTube video},
  urldate = {2024-03-24}
}

@online{ensto,
  author = {{Ensto}},
  title = {{How we use Andon to ensure world class quality in Ensto}},
  year = {2014},
  url = {youtu.be/Yi46P5E4D60},
  note = {YouTube video},
  urldate = {2024-03-24}
}

@online{signa,
  author = {{Signaworks}},
  title = {{Wireless Andon Tower Light}},
  url = {https://www.signaworks.com/products/wireless-led-andon-light-and-system/wireless-andon-tower-light.html},
  note = {Website},
  urldate = {2024-03-24}
}

@inproceedings{indo,
author = {Genza, Aloisius and Fuadi, Azam and Murti, Muhammad},
year = {2020},
month = {09},
pages = {},
title = {Andon System using Industrial IoT for Controlled Production Line by conventional PLC}
}